@misc{AffectEffect,
title = {{Affect vs.\ Effect}},
author = {Grammarist},
url = {http://grammarist.com/usage/affect-effect/}
}
@misc{APSauthor,
title = {{APS Guidelines for Professional Conduct}},
url = {https://www.aps.org/policy/statements/02_2.cfm}
}
@misc{deBivort,
author = {de Bivort, Ben},
title = {Figure Style Guide},
url = {http://debivort.org/docs/dblab-figure-style-guide.pdf}
}
@article{CrameriNatCom2020,
author = {Crameri, Fabio and Shephard, Grace E. and Heron, Philip J.},
doi = {10.1038/s41467-020-19160-7},
journal = {Nature Communications},
pages = {5444},
title = {The misuse of colour in science communication},
volume = {11},
year = {2020}
}
@misc{FewerLess,
author = {Mignon Fogarty},
title = {{Less vs.\ Fewer}},
url = {http://www.quickanddirtytips.com/education/grammar/less-versus-fewer}
}
@article{Gardezi2DMat2020,
author = {Gardezi, S. Minhal and Pirie, Harris and Carr, Stephen and Dorrell, William and Hoffman, Jennifer E.},
doi = {10.1088/2053-1583/abf252},
journal = {2D Materials},
pages = {031002},
title = {Simulating twistronics in acoustic metamaterials},
volume = {8},
year = {2021}
}
@misc{GardeziOutline,
author = {Gardezi, S. Minhal},
title = {Example Outline of ``{Phononic Metamaterial Twisted Bilayer Graphene}''},
url = {https://hoffman.physics.harvard.edu/publications/Gardezi_example_outline.pdf}
}
@misc{GardeziOutline2,
author = {Gardezi, S. Minhal},
title = {\href{https://hoffman.physics.harvard.edu/publications/Gardezi_example_outline.pdf}{Example outline} of ``{Simulating twistronics in acoustic metamaterials}''}
}
@misc{HoffmanExample,
author = {Hoffman, Jennifer E.},
title = {How to Write a Paper and Format it Using {\LaTeX}, \href{http://hoffman.physics.harvard.edu/example-paper/}{Source files}}
}
@article{HuangARCMP2017,
author = {Huang, Dennis and Hoffman, Jennifer E},
doi = {10.1146/annurev-conmatphys-031016-025242},
journal = {Annual Review of Condensed Matter Physics},
pages = {311--336},
title = {Monolayer {FeSe} on {SrTiO$_3$}},
volume = {8},
year = {2017}
}
@article{HuangNanoLett2016,
author = {Huang, Dennis and Webb, Tatiana A. and Song, Can-Li and Chang, Cui-Zu and Moodera, Jagadeesh S. and Kaxiras, Efthimios and Hoffman, Jennifer E.},
doi = {10.1021/acs.nanolett.6b01163},
journal = {Nano Letters},
pages = {4224--4229},
title = {Dumbbell Defects in {FeSe} Films: A Scanning Tunneling Microscopy and First-Principles Investigation},
volume = {16},
year = {2016}
}
@article{HuangPRB2016,
author = {Huang, Dennis and Webb, Tatiana A. and Fang, Shiang and Song, Can-Li and Chang, Cui-Zu and Moodera, Jagadeesh S. and Kaxiras, Efthimios and Hoffman, Jennifer E.},
doi = {10.1103/PhysRevB.93.125129},
journal = {Physical Review B},
pages = {125129},
title = {Bounds on nanoscale nematicity in single-layer {FeSe/SrTiO$_3$}},
volume = {93},
year = {2016}
}
@article{HuangPRL2015,
author = {Huang, Dennis and Song, Can-Li and Webb, Tatiana A. and Fang, Shiang and Chang, Cui-Zu and Moodera, Jagadeesh S. and Kaxiras, Efthimios and Hoffman, Jennifer E.},
doi = {10.1103/PhysRevLett.115.017002},
journal = {Physical Review Letters},
pages = {017002},
title = {Revealing the Empty-State Electronic Structure of Single-Unit-Cell {FeSe/SrTiO$_3$}},
volume = {115},
year = {2015}
}
@article{HuangRSI2017,
author = {Huang, Dennis and Liu, Stephen and Zeljkovic, Ilija and Mitchell, J. F. and Hoffman, Jennifer E.},
doi = {10.1063/1.4976567},
journal = {Review of Scientific Instruments},
pages = {023705},
title = {Etching of {Cr} tips for scanning tunneling microscopy of cleavable oxides},
volume = {88},
year = {2017}
}
@inbook{Kahneman2011,
author = {Daniel Kahneman},
title = {Thinking, Fast and Slow},
year = {2011},
publisher = {Farrar, Straus and Giroux},
isbn = {978-0374533557},
chapter = {{5: Cognitive Ease}}
}
@article{KeshavSIGCOMM2007,
author = {Keshav, S.},
doi = {10.1145/1273445.1273458},
journal = {ACM SIGCOMM Computer Communication Review},
pages = {83--84},
title = {How to read a paper},
volume = {37},
year = {2007}
}
@article{KimAPL2010,
author = {Kim, Jeehoon and Ko, Changhyun and Frenzel, Alex and Ramanathan, Shriram and Hoffman, Jennifer E.},
doi = {10.1063/1.3435466},
journal = {Applied Physics Letters},
pages = {213106},
title = {Nanoscale imaging and control of resistance switching in {VO$_2$} at room temperature},
volume = {96},
year = {2010}
}
@misc{NatureAbstract,
title = {How to Construct a {N}ature Summary Paragraph},
URL = {http://www.nature.com/documents/nature-summary-paragraph.pdf}
}
@article{NatNeuro2000,
doi = {10.1038/72151},
journal = {Nature Neuroscience},
pages = {97--97},
title = {How experts communicate},
volume = {3},
year = {2000}
}
@misc{PhysicalReview,
title = {{P}hysical {R}eview Journals Web Submission Guidelines},
URL = {http://journals.aps.org/authors/web-submission-guidelines-physical-review}
}
@book{TufteVisualDisplay2001,
address = {Cheshire, CT},
author = {Tufte, Edward R.},
edition = {2nd},
publisher = {Graphics Press LLC},
title = {The Visual Display of Quantitative Information},
year = {2001}
}
@misc{SeltzerPetPeeves,
author = {Margo Seltzer},
title = {{Pet Peeves}},
url = {https://www.seltzer.com/margo/pet-peeves/}
}
@misc{WhichThat,
author = {Brian A. Klems},
title = {{Which vs.\ That (Grammar Rules)}},
url = {https://www.writersdigest.com/write-better-fiction/which-vs-that}
}
@article{WhitesidesAdvMat2004,
author = {Whitesides, G. M.},
doi = {10.1002/adma.200400767},
journal = {Advanced Materials},
pages = {1375--1377},
title = {Whitesides' Group: Writing a Paper},
volume = {16},
year = {2004}
}
@inbook{WitkovZengel2019,
author = {Carey Witkov and Keith Zengel},
title = {\href{http://dx.doi.org/10.1093/oso/9780198847144.001.0001}{Chi-Squared Data Analysis and Model Testing for Beginners}},
year={2019},
chapter = {{2.5: Random versus Systematic Uncertainties and Rounding Rules}},
isbn = {9780198847144},
publisher = {Oxford Scholarship Online},
doi = {10.1093/oso/9780198847144.001.0001}
}
@article{ZhangPRB2015,
author = {Zhang, Jessie T and Kim, Jeehoon and Huefner, Magdalena and Ye, Cun and Kim, Stella and Canfield, Paul C. and Prozorov, Ruslan and Auslaender, Ophir M and Hoffman, Jennifer E.},
doi = {10.1103/PhysRevB.92.134509},
journal = {Physical Review B},
pages = {134509},
title = {Single-vortex pinning and penetration depth in superconducting {NdFeAsO$_{1-x}$F$_x$}},
volume = {92},
year = {2015}
}
